@string{ um="Universidade do Minho" }
@string{ umdi="Universidade do Minho, Departamento de Informática" }


@article{ velharia1,
  author = {J.J. Almeida and A. Filipe},
  title = {Descrição de um Núcleo Gráfico e Aplicação em {CAD}},
  journal = {Revista de Informática},
  note = {(KGUM - kernel gráfico U.Minho)},
  number = 1,
  volume = 6,
  year = 1987,
}

@article{ velharia2,
  author = {C. Ferreira and F. Ferreira and F. Martins and  J.J. Almeida and L. Barbosa},
  title = {Sistemas de Programação Modular},
  journal = {Revista de Informática},
  number = 6,
  volume = 9,
  year = 1988,
}


@article{speaker:sepln2001,
 author={J.J. Almeida and A. M. Simões},
 title = {Text to speech -- a rewriting system approach},
  journal =    {Procesamiento del Lenguaje Natural},
 address="Sevilha",
 volume ="27",
 pages = "247--255",
 publisher="Sociedade Española para el Procesamiento del Lenguaje Natural",
 month="Sep.",
 year= 2001,
 keyword="TTS,RS,fonética",
}